<record><leader>00000cas a2200000 a 4500</leader><controlfield tag="001">12043092</controlfield><controlfield tag="008">850516d18681918miuwr ne      0    0eng c</controlfield><datafield ind1=" " ind2=" " tag="010"><subfield code="a">sn 85033547 </subfield></datafield><datafield ind1=" " ind2=" " tag="040"><subfield code="a">NPU</subfield><subfield code="b">eng</subfield><subfield code="c">NPU</subfield><subfield code="d">NPX</subfield><subfield code="d">NYS</subfield><subfield code="d">MGN</subfield><subfield code="d">MHN</subfield><subfield code="d">OCL</subfield><subfield code="d">OCLCQ</subfield><subfield code="d">OCLCF</subfield><subfield code="d">OCLCO</subfield></datafield><datafield ind1=" " ind2=" " tag="042"><subfield code="a">pcc</subfield></datafield><datafield ind1=" " ind2=" " tag="043"><subfield code="a">n-us-mi</subfield></datafield><datafield ind1="0" ind2=" " tag="130"><subfield code="a">Albion recorder (Albion, Mich. : 1868)</subfield></datafield><datafield ind1="1" ind2="4" tag="245"><subfield code="a">The Albion recorder.</subfield></datafield><datafield ind1=" " ind2=" " tag="260"><subfield code="a">Albion, Mich. :</subfield><subfield code="b">Wm. C. Harrison, ed.</subfield></datafield><datafield ind1=" " ind2=" " tag="300"><subfield code="a">v. ;</subfield><subfield code="c">66 cm.</subfield></datafield><datafield ind1=" " ind2=" " tag="310"><subfield code="a">Weekly</subfield></datafield><datafield ind1="0" ind2=" " tag="362"><subfield code="a">Vol. 1, no. 1 (May 28, 1868)-</subfield></datafield><datafield ind1="1" ind2=" " tag="362"><subfield code="a">Ceased in 1918?</subfield></datafield><datafield ind1=" " ind2=" " tag="500"><subfield code="a">Publishers: J.M. Sargent, &lt;1873&gt;; Hall, Thompson &amp; Gemberling, &lt;1874&gt;; B.B. Bissell, &lt;1876&gt;.</subfield></datafield><datafield ind1=" " ind2=" " tag="500"><subfield code="a">Issue called: Women's ed., Apr. 13, 1895.</subfield></datafield><datafield ind1=" " ind2=" " tag="515"><subfield code="a">Vol. 2, no. 1 (June 5, 1869)-v. 36, no. 8 (Jan. 7, 1904) also called: whole no. 53-whole no. 1,827.</subfield></datafield><datafield ind1=" " ind2=" " tag="580"><subfield code="a">Daily eds: Albion daily recorder, and: Albion evening recorder.</subfield></datafield><datafield ind1=" " ind2="0" tag="651"><subfield code="a">Albion (Calhoun County, Mich.)</subfield><subfield code="v">Newspapers.</subfield></datafield><datafield ind1=" " ind2="0" tag="651"><subfield code="a">Calhoun County (Mich.)</subfield><subfield code="v">Newspapers.</subfield></datafield><datafield ind1=" " ind2="7" tag="655"><subfield code="a">Newspapers.</subfield><subfield code="2">fast</subfield><subfield code="0">(OCoLC)fst01423814</subfield></datafield><datafield ind1=" " ind2="7" tag="651"><subfield code="a">Michigan</subfield><subfield code="z">Albion (Calhoun County)</subfield><subfield code="2">fast</subfield><subfield code="0">(OCoLC)fst01314913</subfield></datafield><datafield ind1=" " ind2="7" tag="651"><subfield code="a">Michigan</subfield><subfield code="z">Calhoun County.</subfield><subfield code="2">fast</subfield><subfield code="0">(OCoLC)fst01214761</subfield></datafield><datafield ind1=" " ind2=" " tag="752"><subfield code="a">United States</subfield><subfield code="b">Michigan</subfield><subfield code="c">Calhoun</subfield><subfield code="d">Albion.</subfield></datafield><datafield ind1="1" ind2=" " tag="775"><subfield code="t">Albion daily recorder</subfield><subfield code="w">(DLC)sn 95077602</subfield><subfield code="w">(OCoLC)34005108</subfield></datafield><datafield ind1="1" ind2=" " tag="775"><subfield code="t">Albion evening recorder</subfield><subfield code="w">(DLC)sn 88074539</subfield><subfield code="w">(OCoLC)18148509</subfield></datafield></record>